@book{okumura2020,
  author    = {奥村 晴彦 and 黒木 裕介},
  title     = {LaTeX2ε美文書作成入門},
  publisher = {技術評論社},
  year      = {2020}
}

@misc{github,
  howpublished = {\url{https://github.com/kaityo256/rbs}}
}


@article{doi:10.1063/1.2176675,
author = {Heyes,David M.  and Okumura,Hisashi },
title = {Equation of state and structural properties of the Weeks-Chandler-Andersen fluid},
journal = {The Journal of Chemical Physics},
volume = {124},
number = {16},
pages = {164507},
year = {2006},
doi = {10.1063/1.2176675},

URL = { 
        https://doi.org/10.1063/1.2176675
    
},
eprint = { 
        https://doi.org/10.1063/1.2176675
    
}

}
